@FOOTNOTE{Note1,key="Note1",note="The function $c^{\protect \textbf  {d}}_{lm}$ are related to the standard $\protect \mathcal  {Z}^\protect \mathbf  {d}_{lm}$ \begin {eqnarray} \label {eq:clm} c^\protect \mathbf  {d}_{lm}(k^{*2}_j; {L}) =\protect \frac  {\protect \sqrt  {4\pi }}{\gamma L^3}\left (\protect \frac  {2\pi }{L}\right )^{l-2}\protect \mathcal  {Z}^\protect \mathbf  {d}_{lm}[1;(k^*_j {L}/2\pi )^2], \protect \hspace  {1cm} \protect \mathcal  {Z}^\protect \mathbf  {d}_{lm}[s;x^2] = \DOTSB \sum@ \slimits@ _{\protect \mathbf  r \in \protect \mathcal  {P}_{\protect \mathbf  {d}}}\protect \frac  {|\protect \mathbf  {r}|^lY_{lm}(\protect \mathbf  {r})}{(r^2-x^2)^s}.\label {eq:clm} \end {eqnarray} "}
@CONTROL{REVTEX41Control}
@CONTROL{apsrev41Control,author="08",editor="1",pages="0",title="",year="1"}
